<?xml version="1.0" encoding="UTF-8"?><collection xmlns="http://www.loc.gov/MARC21/slim"><record><leader>00496nam--2200181-i-4500</leader><controlfield tag="001">000003068</controlfield><controlfield tag="002">20161230</controlfield><controlfield tag="005">20161230201025</controlfield><controlfield tag="008">060222s1000------------r-----000-0-eng-d</controlfield><datafield ind1=" " ind2=" " tag="040"><subfield code="a">IFIN-HH</subfield></datafield><datafield ind1=" " ind2=" " tag="080"><subfield code="a">538.569.4</subfield></datafield><datafield ind1="1" ind2=" " tag="100"><subfield code="a">Andrew, E.R</subfield></datafield><datafield ind1="1" ind2="0" tag="245"><subfield code="a">Nuclear magnetic resonance</subfield><subfield code="c">E.r. andrew</subfield></datafield><datafield ind1=" " ind2=" " tag="260"><subfield code="a">Cambridge</subfield><subfield code="b">At The Univerity Press</subfield><subfield code="c">1956</subfield></datafield><datafield ind1=" " ind2=" " tag="300"><subfield code="a">XI + 265 P.CU FIGURI</subfield></datafield><datafield ind1=" " ind2=" " tag="490"><subfield code="a">Cambridge Monographs On Physics</subfield></datafield><datafield ind1=" " ind2=" " tag="852"><subfield code="a">12056</subfield><subfield code="c">539.143.43</subfield></datafield><datafield ind1=" " ind2=" " tag="CAT"><subfield code="a">Sys</subfield><subfield code="c">20120418</subfield><subfield code="h">161649</subfield></datafield></record></collection>